@misc{ntnudepartmentofelectronicsystems_2023_project,
  author = {NTNU, Department of Electronic Systems},
  month = {10},
  title = {Project in TFE4152 Design of Integrated Circuits},
  urldate = {2023-10-24},
  year = {2023}
}

@book{carusone_2012_analog,
  author = {Carusone, Tony Chan  and Johns, David and Martin, Kenneth W},
  publisher = {Hoboken, Nj Wiley},
  title = {Analog Integrated Circuit Design},
  year = {2012}
}

@misc{zhang_2021_a,
  author = {Zhang, Song and Gu, Jiangyuan and Yin, Shouyi and Liu, Leibo and Wei, Shaojun},
  title = {A Multiple-Precision Multiply and Accumulation Design with Multiply-Add Merged Strategy for AI Accelerating | Proceedings of the 26th Asia and South Pacific Design Automation Conference},
  url = {https://dl.acm.org/doi/abs/10.1145/3394885.3431531#:~:text=Multiply%20and%20accumulations(MAC)%20are,both%20signed%20and%20unsigned%20operands.},
  urldate = {2023-10-24},
  year = {2021},
  organization = {ACM Conferences}
}

@article{wang_2021_an,
  author = {Wang, Yin and Tang, Hongwei and Xie, Yufeng and Chen, Xinyu and Ma, Shunli and Sun, Zhengzong and Sun, Qizhen and Chen, Lin and Zhu, Hao and Wan, Jing and Xu, Zihan and David Wei Zhang and Zhou, Peng and Bao, Wenzhong},
  month = {06},
  publisher = {Nature Portfolio},
  title = {An in-memory computing architecture based on two-dimensional semiconductors for multiply-accumulate operations},
  doi = {10.1038/s41467-021-23719-3},
  url = {https://www.nature.com/articles/s41467-021-23719-3},
  urldate = {2023-10-24},
  volume = {12},
  year = {2021},
  journal = {Nature Communications}
}

@book{beloglazov_2011_advances,
  author = {Beloglazov, Anton and Buyya, Rajukumar and Lee, Young Choon and Zomaya, Albert},
  publisher = {Elsevier/Academic Press},
  title = {Advances in computers. / Volume 82},
  year = {2011}
}

@book{tanenbaum_2012_structured,
  author = {Tanenbaum, Andrew S. and Austin, Todd},
  publisher = {Pearson Education Limited},
  title = {Structured Computer Organization},
  year = {2012}
}

@misc{_2020_difference,
  author = {, pulkitagarwal03pulkit},
  month = {10},
  publisher = {GeeksforGeeks},
  title = {Difference between Half adder and full adder},
  url = {https://www.geeksforgeeks.org/difference-between-half-adder-and-full-adder/},
  urldate = {2023-11-12},
  year = {2020},
  organization = {GeeksforGeeks}
}

@misc{wikipediacontributors_2023_binary,
  author = {Wikipedia Contributors},
  month = {10},
  publisher = {Wikimedia Foundation},
  title = {Binary multiplier},
  url = {https://en.wikipedia.org/wiki/Binary_multiplier},
  urldate = {2023-11-12},
  year = {2023},
  organization = {Wikipedia}
}

@misc{a2020_difference,
  month = {10},
  publisher = {GeeksforGeeks},
  title = {Difference between Half adder and full adder},
  url = {https://www.geeksforgeeks.org/difference-between-half-adder-and-full-adder/},
  urldate = {2023-11-18},
  year = {2020},
  organization = {GeeksforGeeks}
}

@misc{a2023_definition,
  title = {Definition of pMOS | Analog Devices},
  url = {https://www.analog.com/en/design-center/glossary/pmos.html#:~:text=A%20p%2Dchannel%20metal%2Doxide,gate%20turns%20the%20device%20on.},
  urldate = {2023-11-20},
  year = {2023},
  organization = {Analog.com}
}